<record><leader>00000cas a22000007a 4500</leader><controlfield tag="001">19527444</controlfield><controlfield tag="008">890410d19131933couwr ne      0    0eng d</controlfield><datafield ind1=" " ind2=" " tag="010"><subfield code="a">sn 89052049 </subfield></datafield><datafield ind1=" " ind2=" " tag="040"><subfield code="a">CNQ</subfield><subfield code="b">eng</subfield><subfield code="c">CNQ</subfield><subfield code="d">OCLCQ</subfield><subfield code="d">SO$</subfield><subfield code="d">OCLCF</subfield><subfield code="d">OCLCO</subfield></datafield><datafield ind1="1" ind2=" " tag="029"><subfield code="a">AU@</subfield><subfield code="b">000025898603</subfield></datafield><datafield ind1=" " ind2=" " tag="042"><subfield code="a">msc</subfield></datafield><datafield ind1="0" ind2="4" tag="245"><subfield code="a">The Weld County news.</subfield></datafield><datafield ind1="1" ind2="7" tag="246"><subfield code="a">North Colorado digest</subfield></datafield><datafield ind1="3" ind2="0" tag="246"><subfield code="a">Weld County farm news</subfield></datafield><datafield ind1="3" ind2="0" tag="246"><subfield code="a">Weld County news Northern Colorado digest</subfield></datafield><datafield ind1=" " ind2=" " tag="260"><subfield code="a">Greeley, Weld County, Colo. :</subfield><subfield code="b">Edward D. Foster</subfield></datafield><datafield ind1=" " ind2=" " tag="300"><subfield code="a">v.</subfield></datafield><datafield ind1=" " ind2=" " tag="310"><subfield code="a">Weekly</subfield></datafield><datafield ind1="1" ind2=" " tag="362"><subfield code="a">Began in 1913?</subfield></datafield><datafield ind1="0" ind2=" " tag="362"><subfield code="a">-v. 21, no. 25 (June 29, 1933).</subfield></datafield><datafield ind1=" " ind2=" " tag="500"><subfield code="a">Published as: Weld County farm news, Jan. 16, 1930-Feb 20, 1930, and: Weld County news Northern Colorado digest, &lt;1921&gt;-May 26, 1922.</subfield></datafield><datafield ind1=" " ind2=" " tag="530"><subfield code="a">Available on microfilm from the Colorado Historical Society.</subfield></datafield><datafield ind1=" " ind2=" " tag="588"><subfield code="a">Description based on: July 6, 1917.</subfield></datafield><datafield ind1=" " ind2="0" tag="651"><subfield code="a">Weld County (Colo.)</subfield><subfield code="v">Periodicals.</subfield></datafield><datafield ind1=" " ind2="7" tag="655"><subfield code="a">Periodicals.</subfield><subfield code="2">fast</subfield><subfield code="0">(OCoLC)fst01411641</subfield></datafield><datafield ind1=" " ind2="7" tag="651"><subfield code="a">Colorado</subfield><subfield code="z">Weld County.</subfield><subfield code="2">fast</subfield><subfield code="0">(OCoLC)fst01209092</subfield></datafield><datafield ind1=" " ind2=" " tag="752"><subfield code="a">United States</subfield><subfield code="b">Colorado</subfield><subfield code="c">Weld</subfield><subfield code="d">Greeley.</subfield></datafield><datafield ind1="0" ind2="0" tag="780"><subfield code="t">Weld County news and the Weld County democrat</subfield><subfield code="w">(DLC)sn 91052528</subfield></datafield><datafield ind1="0" ind2="0" tag="785"><subfield code="t">Greeley booster and the Weld County news</subfield><subfield code="w">(DLC)sn 89052050</subfield></datafield></record>